<?xml version="1.0" encoding="UTF-8"?><collection xmlns="http://www.loc.gov/MARC21/slim"><record><leader>00488nam--2200169-i-4500</leader><controlfield tag="001">000013727</controlfield><controlfield tag="002">20161230</controlfield><controlfield tag="005">20170306235159</controlfield><controlfield tag="008">060222s1000------------r-----000-0-eng-d</controlfield><datafield ind1=" " ind2=" " tag="080"><subfield code="a">530.145.6(061.3)</subfield></datafield><datafield ind1=" " ind2=" " tag="245"><subfield code="a">Contemporary reserarch in the foundations and philosophy of quantum theory</subfield></datafield><datafield ind1=" " ind2=" " tag="260"><subfield code="a">Dordrecht</subfield><subfield code="b">D.Reidel Publishing Company</subfield><subfield code="c">1973</subfield></datafield><datafield ind1=" " ind2=" " tag="300"><subfield code="a">20 + 385 p</subfield></datafield><datafield ind1=" " ind2=" " tag="490"><subfield code="a">Philisophy Of Science</subfield></datafield><datafield ind1=" " ind2=" " tag="700"><subfield code="a">Hooker, C. A</subfield></datafield><datafield ind1=" " ind2=" " tag="852"><subfield code="a">49215</subfield></datafield><datafield ind1=" " ind2=" " tag="CAT"><subfield code="a">SYS</subfield><subfield code="c">20170306</subfield><subfield code="h">235159</subfield></datafield></record></collection>